<record><leader>00000cas a22000007a 4500</leader><controlfield tag="001">16978414</controlfield><controlfield tag="008">871113c19879999txuwr ne      0   a0eng d</controlfield><datafield ind1=" " ind2=" " tag="010"><subfield code="a">sn 87001788 </subfield></datafield><datafield ind1=" " ind2=" " tag="040"><subfield code="a">NSD</subfield><subfield code="b">eng</subfield><subfield code="c">NSD</subfield><subfield code="d">OCLCQ</subfield></datafield><datafield ind1=" " ind2=" " tag="012"><subfield code="k">1</subfield><subfield code="l">1</subfield></datafield><datafield ind1="1" ind2=" " tag="022"><subfield code="a">0896-2855</subfield><subfield code="l">0896-2855</subfield><subfield code="2">1</subfield></datafield><datafield ind1=" " ind2=" " tag="037"><subfield code="b">Morton Falls Publishing Co., 1 Space Plaza, Rt. 9, Box 810-S, Canyon Lake, TX 78133-5122</subfield></datafield><datafield ind1=" " ind2=" " tag="042"><subfield code="a">nsdp</subfield></datafield><datafield ind1=" " ind2="0" tag="222"><subfield code="a">Canyon Lake week</subfield></datafield><datafield ind1="0" ind2="0" tag="245"><subfield code="a">Canyon Lake week.</subfield></datafield><datafield ind1=" " ind2=" " tag="260"><subfield code="a">[Canyon Lake, Tex. :</subfield><subfield code="b">Morton Falls Pub. Co.,</subfield><subfield code="c">c1987]-</subfield></datafield><datafield ind1=" " ind2=" " tag="300"><subfield code="a">v.</subfield></datafield><datafield ind1=" " ind2=" " tag="310"><subfield code="a">Weekly</subfield></datafield><datafield ind1="0" ind2=" " tag="362"><subfield code="a">Vol. 1, no. 1 (Nov. 20, 1987)-</subfield></datafield><datafield ind1=" " ind2=" " tag="500"><subfield code="a">Title from caption.</subfield></datafield><datafield ind1="1" ind2=" " tag="029"><subfield code="a">AU@</subfield><subfield code="b">000025820536</subfield></datafield></record>